@misc{
    Hettich1998UCI,
    Author = {Hettich, C. B. S. and Merz, C.},
    Title = {{UCI} repository of machine learning databases},
    Year = {1998}
}

@phdthesis{
    Allis1994PhD,
    Author = {Allis, L. V.},
    Keywords = {Games},
    School = {Maastricht University},
    Title = {Searching for Solutions in Games and Artificial Intelligence},
    Year = {1994}
}

@misc{chollet2015keras,
  title={Keras},
  author={Chollet, Fran\c{c}ois and others},
  year={2015},
  publisher={GitHub},
  howpublished={\url{https://github.com/fchollet/keras}},
}

@inproceedings{
    Colbert2012,
    Author = {Colbert, R. and others},
    Booktitle = {Journal of Machine Learning Research},
    Pages = {2493--2537},
    Title = {Natural language processing (almost) from scratch},
    Volume = {12},
    Year = {2011}
}

@inproceedings{Hinton2012Speech,
    Author = {Hinton, G. and others},
    Booktitle = {IEEE Signal Processing Magazine},
    Pages = {82--97},
    Title = {Deep neural networks for acoustic modeling in speech recognition},
    Volume = {29},
    Year = {2012}
}

@inproceedings{
    Krizhevsky2012ImageNet,
    Author = {Krizhevsky, A. and Sutskever, I. and Hinton, G.},
    Booktitle = {Proc. Advances in Neural Information Processing Systems},
    Pages = {1090--1098},
    Title = {ImageNet classification with deep convolutional neural networks},
    Volume = {25},
    Year = {2012}
}

@article{Knuth1975AB,
    Author = {Donald E. Knuth and Ronald W. Moore},
    Journal = {Artificial Intelligence},
    Number = {4},
    Title = {An Analysis of Alpha-Beta Pruning},
    Volume = {6},
    Year = {1975}
}

@inbook{LeCun1989,
    title = "Generalization and network design strategies",
    author = "Yann LeCun",
    year = "1989",
    editor = "R. Pfeifer and Z. Schreter and F. Fogelman and L. Steels",
    booktitle = "Connectionism in perspective",
    publisher = "Elsevier",
} 

@article{
    LeCun2015Nature,
    Author = {LeCun, Y. and Bengio, Y. and Hinton, G.},
    Journal = {Nature},
    Pages = {436--444},
    Title = {Deep Learning},
    Year = {2015},
}

@phdthesis{LIn1993ExpReplay,
    Author = {Long-Ji Lin},
    School = {Carnegie Mellon University},
    Title = {Reinforcement Learning for Robots Using Neural Networks},
    Year = {1993}
}

@misc{Lichman2013,
    author = "M. Lichman",
    year = "2013",
    title = "{UCI} Machine Learning Repository",
    url = "http://archive.ics.uci.edu/ml",
    institution = "University of California, Irvine, School of Information and Computer Sciences"
}

@book{
    Allen2010C4,
    Author = {Allen, J. D.},
    Publisher = {Puzzlewright},
    Title = {The Complete Book of Connect 4},
    Year = {2010}}
}

@book{
    Mitchell1997Book,
    Author = {Mitchell, T. M.},
    Publisher = {McGraw Hill},
    Title = {Machine Learning},
    Year = {1997}}
}

@article{
    Mnih2015AtariNature,
    Author = {Mni, V. and others},
    Journal = {Nature},
    Pages = {529--533},
    Title = {Human-level control through deep reinforcement learning},
    Year = {2015}
}

@article{Samuel1959Checkers,
    Author = {Samuel, A. L.},
    Journal = {IBM Journal},
    Number = {3},
    Pages = {210--229},
    Title = {Some Studies in Machine Learning Using the Game of Checkers},
    Volume = {3},
    Year = {1959}
}

@incollection{Szita2011RLGames,
    Author = {Szita, I.},
    Booktitle = {Reinforcement Learning: State of the Art},
    Publisher = {Springer},
    Title = {Reinforcement Learning and Markov Decision Processes},
    Year = {2011}
}

@article{
    Silver2016GoNature,
    Author = {Silver, D. and others},
    Journal = {Nature},
    Pages = {484--489},
    Title = {Mastering the game of Go with deep neural networks and tree search},
    Volume = {529},
    Year = {2016}
}

@book{
    Sutton1998RL,
    Author = {Sutton, R. S. and Barto, A. G.},
    Publisher = {MIT Press},
    Title = {Reinforcement Learning: An Introduction},
    Year = {1998}
}


@article{
    Tesauro1995TD,
    Author = {Tesauro, G.},
    Journal = {Communications of the ACM},
    Number = {3},
    Title = {Temporal difference learning and TD-Gammon},
    Volume = {38},
    Year = {1995}
}

@phdthesis{Watkins1989PhD,
    Annote = {Q-Learning Thesis},
    Author = {Watkins, C.J.C.H.},
    School = {Cambridge University},
    Title = {Learning from Delayed Rewards},
    Year = {1989}
}

@article{Watkins1992Q,
    Author = {Watkins, Christopher J.C.H. and Dayan Peter},
    Journal = {Machine Learning},
    Pages = {279-292},
    Title = {Q-Learning},
    Volume = {8},
    Year = {1992}
}
